@article{scikit-learn,
 title={Scikit-learn: Machine Learning in {P}ython},
 author={Pedregosa, F. and Varoquaux, G. and Gramfort, A. and Michel, V.
         and Thirion, B. and Grisel, O. and Blondel, M. and Prettenhofer, P.
         and Weiss, R. and Dubourg, V. and Vanderplas, J. and Passos, A. and
         Cournapeau, D. and Brucher, M. and Perrot, M. and Duchesnay, E.},
 journal={Journal of Machine Learning Research},
 volume={12},
 pages={2825--2830},
 year={2011}
}
@article{bailly2012dutch,
  title={The Dutch Eating Behaviour Questionnaire (DEBQ). Assessment of eating behaviour in an aging French population},
  author={Bailly, Nathalie and Maitre, Isabelle and Amanda, Marion and Herv{\'e}, Catherine and Alaphilippe, Daniel},
  journal={Appetite},
  volume={59},
  number={3},
  pages={853--858},
  year={2012},
  publisher={Elsevier}
}
@inproceedings{sklearn_api,
  author    = {Lars Buitinck and Gilles Louppe and Mathieu Blondel and
               Fabian Pedregosa and Andreas Mueller and Olivier Grisel and
               Vlad Niculae and Peter Prettenhofer and Alexandre Gramfort
               and Jaques Grobler and Robert Layton and Jake VanderPlas and
               Arnaud Joly and Brian Holt and Ga{\"{e}}l Varoquaux},
  title     = {{API} design for machine learning software: experiences from the scikit-learn
               project},
  booktitle = {ECML PKDD Workshop: Languages for Data Mining and Machine Learning},
  year      = {2013},
  pages = {108--122},
}
@Article{Hunter:2007,
  Author    = {Hunter, J. D.},
  Title     = {Matplotlib: A 2D graphics environment},
  Journal   = {Computing in Science \& Engineering},
  Volume    = {9},
  Number    = {3},
  Pages     = {90--95},
  abstract  = {Matplotlib is a 2D graphics package used for Python for
  application development, interactive scripting, and publication-quality
  image generation across user interfaces and operating systems.},
  publisher = {IEEE COMPUTER SOC},
  doi       = {10.1109/MCSE.2007.55},
  year      = 2007
}
@article{van1986dutch,
  title={The Dutch Eating Behavior Questionnaire (DEBQ) for assessment of restrained, emotional, and external eating behavior},
  author={Van Strien, Tatjana and Frijters, Jan ER and Bergers, Gerard PA and Defares, Peter B},
  journal={International journal of eating disorders},
  volume={5},
  number={2},
  pages={295--315},
  year={1986},
  publisher={Wiley Online Library}
}
@article{neumark2011dieting,
  title={Dieting and disordered eating behaviors from adolescence to young adulthood: findings from a 10-year longitudinal study},
  author={Neumark-Sztainer, Dianne and Wall, Melanie and Larson, Nicole I and Eisenberg, Marla E and Loth, Katie},
  journal={Journal of the American Dietetic Association},
  volume={111},
  number={7},
  pages={1004--1011},
  year={2011},
  publisher={Elsevier}
}
@article{belafsky2008validity,
  title={Validity and reliability of the Eating Assessment Tool (EAT-10)},
  author={Belafsky, Peter C and Mouadeb, Debbie A and Rees, Catherine J and Pryor, Jan C and Postma, Gregory N and Allen, Jacqueline and Leonard, Rebecca J},
  journal={Annals of Otology, Rhinology \& Laryngology},
  volume={117},
  number={12},
  pages={919--924},
  year={2008},
  publisher={SAGE Publications Sage CA: Los Angeles, CA}
}
@article{macht2002chocolate,
  title={Chocolate eating in healthy men during experimentally induced sadness and joy},
  author={Macht, Michael and Roth, S and Ellgring, Heiner},
  journal={Appetite},
  volume={39},
  number={2},
  pages={147--158},
  year={2002},
  publisher={Elsevier}
}
@article{bruch1964psychological,
  title={Psychological aspects of overeating and obesity},
  author={Bruch, Hilde},
  journal={Psychosomatics},
  volume={5},
  number={5},
  pages={269--274},
  year={1964},
  publisher={Elsevier}
}
@article{russell1979bulimia,
  title={Bulimia nervosa: an ominous variant of anorexia nervosa},
  author={Russell, Gerald},
  journal={Psychological medicine},
  volume={9},
  number={3},
  pages={429--448},
  year={1979},
  publisher={Cambridge University Press}
}
@article{strien1996relationship,
  title={On the relationship between dieting and “obese” and bulimic eating patterns},
  author={Strien, Tatjana van},
  journal={International Journal of Eating Disorders},
  volume={19},
  number={1},
  pages={83--92},
  year={1996},
  publisher={Wiley Online Library}
}
@article{geliebter2003emotional,
  title={Emotional eating in overweight, normal weight, and underweight individuals},
  author={Geliebter, Allan and Aversa, Angela},
  journal={Eating behaviors},
  volume={3},
  number={4},
  pages={341--347},
  year={2003},
  publisher={Elsevier}
}
@article{jasinska2012impulsivity,
  title={Impulsivity and inhibitory control deficits are associated with unhealthy eating in young adults},
  author={Jasinska, Agnes J and Yasuda, Marie and Burant, Charles F and Gregor, Nicolette and Khatri, Sara and Sweet, Matthew and Falk, Emily B},
  journal={Appetite},
  volume={59},
  number={3},
  pages={738--747},
  year={2012},
  publisher={Elsevier}
}
@article{kuczmarski2001effects,
  title={Effects of age on validity of self-reported height, weight, and body mass index: findings from the Third National Health and Nutrition Examination Survey, 1988--1994},
  author={Kuczmarski, Marie Fanelli and Kuczmarski, Robert J and Najjar, Matthew},
  journal={Journal of the American Dietetic Association},
  volume={101},
  number={1},
  pages={28--34},
  year={2001},
  publisher={Elsevier}
}
@article{strien1996relationship,
  title={On the relationship between dieting and “obese” and bulimic eating patterns},
  author={Strien, Tatjana van},
  journal={International Journal of Eating Disorders},
  volume={19},
  number={1},
  pages={83--92},
  year={1996},
  publisher={Wiley Online Library}
}
@article{garner1979eating,
  title={The Eating Attitudes Test: An index of the symptoms of anorexia nervosa},
  author={Garner, David M and Garfinkel, Paul E},
  journal={Psychological medicine},
  volume={9},
  number={2},
  pages={273--279},
  year={1979},
  publisher={Cambridge University Press}
}
@article{carter1984screening,
  title={Screening for anorexia and bulimia nervosa in a college population: Problems and limitations},
  author={Carter, Patricia I and Moss, Robert A},
  journal={Addictive Behaviors},
  volume={9},
  number={4},
  pages={417--419},
  year={1984},
  publisher={Elsevier}
}
@article{gross1986validity,
  title={Validity of the Eating Attitudes Test and the Eating Disorders Inventory in bulimia nervosa.},
  author={Gross, Janet and Rosen, James C and Leitenberg, Harold and Willmuth, Mary E},
  journal={Journal of consulting and clinical Psychology},
  volume={54},
  number={6},
  pages={875},
  year={1986},
  publisher={American Psychological Association}
}
@article{feighner1972diagnostic,
  title={Diagnostic criteria for use in psychiatric research},
  author={Feighner, John P and Robins, Eli and Guze, Samuel B and Woodruff, Robert A and Winokur, George and Munoz, Rodrigo},
  journal={Archives of general psychiatry},
  volume={26},
  number={1},
  pages={57--63},
  year={1972},
  publisher={American Medical Association}
}
@article{limbers2015executive,
  title={Executive functions and consumption of fruits/vegetables and high saturated fat foods in young adults},
  author={Limbers, Christine A and Young, Danielle},
  journal={Journal of Health Psychology},
  volume={20},
  number={5},
  pages={602--611},
  year={2015},
  publisher={Sage Publications Sage UK: London, England}
}
@article{garner1982eating,
  title={The eating attitudes test: psychometric features and clinical correlates},
  author={Garner, David M and Olmsted, Marion P and Bohr, Yvonne and Garfinkel, Paul E},
  journal={Psychological medicine},
  volume={12},
  number={4},
  pages={871--878},
  year={1982},
  publisher={Cambridge University Press}
}
@article{garner1983development,
  title={Development and validation of a multidimensional eating disorder inventory for anorexia nervosa and bulimia},
  author={Garner, David M and Olmstead, Marion P and Polivy, Janet},
  journal={International journal of eating disorders},
  volume={2},
  number={2},
  pages={15--34},
  year={1983},
  publisher={Wiley Online Library}
}
@article{wilfley2007classification,
  title={Classification of eating disorders: Toward DSM-V},
  author={Wilfley, Denise E and Bishop, Monica E and Wilson, G Terence and Agras, W Stewart},
  journal={International Journal of Eating Disorders},
  volume={40},
  number={S3},
  pages={S123--S129},
  year={2007},
  publisher={Wiley Online Library}
}
@article{mintz2000eating,
  title={The Eating Attitudes Test: validation with DSM-IV eating disorder criteria},
  author={Mintz, Laurie B and O'Halloran, M Sean},
  journal={Journal of personality assessment},
  volume={74},
  number={3},
  pages={489--503},
  year={2000},
  publisher={Taylor \& Francis}
}
@article{deliens2014determinants,
  title={Determinants of eating behaviour in university students: a qualitative study using focus group discussions},
  author={Deliens, Tom and Clarys, Peter and De Bourdeaudhuij, Ilse and Deforche, Benedicte},
  journal={BMC public health},
  volume={14},
  number={1},
  pages={53},
  year={2014},
  publisher={BioMed Central}
}
@article{nolan2010emotional,
  title={Emotional Appetite Questionnaire. Construct validity and relationship with BMI},
  author={Nolan, Laurence J and Halperin, Lindsay B and Geliebter, Allan},
  journal={Appetite},
  volume={54},
  number={2},
  pages={314--319},
  year={2010},
  publisher={Elsevier}
}
@article{hyland1989psychometric,
  title={Psychometric analysis of the Stunkard-Messick Eating Questionnaire (SMEQ) and comparison with the Dutch Eating Behavior Questionnaire (DEBQ)},
  author={Hyland, Michael E and Irvine, Sidney H and Thacker, Clive and Dann, Peter L and Dennis, Ian},
  journal={Current Psychology},
  volume={8},
  number={3},
  pages={228--233},
  year={1989},
  publisher={Springer}
}
@article{wu2017validation,
  title={Validation of the Dutch Eating Behavior Questionnaire (DEBQ) in a sample of Chinese adolescents},
  author={Wu, Siyao and Cai, Taisheng and Luo, Xingwei},
  journal={Psychology, health \& medicine},
  volume={22},
  number={3},
  pages={282--288},
  year={2017},
  publisher={Taylor \& Francis}
}
@article{wang2018psychometric,
  title={Psychometric properties of the Chinese version of the Dutch Eating Behavior Questionnaire in a sample of Taiwanese parents},
  author={Wang, Ya-Fen and Ha, Soonyoung and Zauszniewski, Jaclene A and Ross, Ratchneewan},
  journal={Obesity research \& clinical practice},
  volume={12},
  number={1},
  pages={129--132},
  year={2018},
  publisher={Elsevier}
}
@article{lyman1982nutritional,
  title={The nutritional values and food group characteristics of foods preferred during various emotions},
  author={Lyman, Bernard},
  journal={The Journal of Psychology},
  volume={112},
  number={1},
  pages={121--127},
  year={1982},
  publisher={Taylor \& Francis}
}
@article{deng2011five,
  title={The five facet mindfulness questionnaire: psychometric properties of the Chinese version},
  author={Deng, Yu-Qin and Liu, Xing-Hua and Rodriguez, Marcus A and Xia, Chun-Yan},
  journal={Mindfulness},
  volume={2},
  number={2},
  pages={123--128},
  year={2011},
  publisher={Springer}
}
@article{cools1992emotional,
  title={Emotional arousal and overeating in restrained eaters.},
  author={Cools, Joseph and Schotte, David E and McNally, Richard J},
  journal={Journal of Abnormal Psychology},
  volume={101},
  number={2},
  pages={348},
  year={1992},
  publisher={American Psychological Association}
}
@article{wardle1987eating,
  title={Eating style: a validation study of the Dutch Eating Behaviour Questionnaire in normal subjects and women with eating disorders},
  author={Wardle, Jane},
  journal={Journal of psychosomatic research},
  volume={31},
  number={2},
  pages={161--169},
  year={1987},
  publisher={Elsevier}
}
@article{wardle1992eating,
  title={Eating style and eating behaviour in adolescents},
  author={Wardle, Jane and Marsland, Louise and Sheikh, Yasmin and Quinn, Marie and Fedoroff, Ingrid and Ogden, Jane},
  journal={Appetite},
  volume={18},
  number={3},
  pages={167--183},
  year={1992},
  publisher={Elsevier}
}
@article{stark2001emotional,
  title={Emotional eating and eating disorder psychopathology},
  author={Stark, Marjaana Lindeman, Katariina},
  journal={Eating Disorders},
  volume={9},
  number={3},
  pages={251--259},
  year={2001},
  publisher={Taylor \& Francis}
}
@article{braet1997assessment,
  title={Assessment of emotional, externally induced and restrained eating behaviour in nine to twelve-year-old obese and non-obese children},
  author={Braet, Caroline and Van Strien, Tatjana},
  journal={Behaviour research and therapy},
  volume={35},
  number={9},
  pages={863--873},
  year={1997},
  publisher={Elsevier}
}
@article{toobert1994assessing,
  title={Assessing diabetes self-management: the summary of diabetes self-care activities questionnaire},
  author={Toobert, Deborah J and Glasgow, RUSSELL E},
  journal={Handbook of psychology and diabetes: A guide to psychological measurement in diabetes research and practice},
  volume={351},
  pages={75},
  year={1994},
  publisher={Harwood Academic Publishers/Gordon, xiii}
}
@article{toobert2000summary,
  title={The summary of diabetes self-care activities measure: results from 7 studies and a revised scale.},
  author={Toobert, Deborah J and Hampson, Sarah E and Glasgow, Russell E},
  journal={Diabetes care},
  volume={23},
  number={7},
  pages={943--950},
  year={2000},
  publisher={Am Diabetes Assoc}
}
@article{van1986predictive,
  title={The predictive validity of the Dutch restrained eating scale},
  author={Van Strien, Tatjana and Frijters, Jan ER and Van Staveren, Wija A and Defares, Peter B and Deurenberg, Paul},
  journal={International Journal of Eating Disorders},
  volume={5},
  number={4},
  pages={747--755},
  year={1986},
  publisher={Wiley Online Library}
}